<?xml version="1.0" encoding="UTF-8"?><collection xmlns="http://www.loc.gov/MARC21/slim"><record><leader>00599nam--2200205-i-4500</leader><controlfield tag="001">000041493</controlfield><controlfield tag="002">20161230</controlfield><controlfield tag="005">20161230201043</controlfield><controlfield tag="008">060222s1000------------r-----000-0-eng-d</controlfield><datafield ind1=" " ind2=" " tag="040"><subfield code="a">IFIN-HH</subfield></datafield><datafield ind1=" " ind2=" " tag="080"><subfield code="a">539.1=03.82=20</subfield></datafield><datafield ind1="1" ind2=" " tag="100"><subfield code="a">Shirokov, Yu.M</subfield></datafield><datafield ind1="1" ind2="0" tag="245"><subfield code="a">Nuculear physics</subfield><subfield code="b">Translated from russian by mark samokhvalov</subfield><subfield code="c">Yu.m. shirokov, n.p. yudin</subfield></datafield><datafield ind1=" " ind2=" " tag="260"><subfield code="a">Moscow</subfield><subfield code="b">Mir Publishers</subfield><subfield code="c">1982</subfield></datafield><datafield ind1=" " ind2=" " tag="300"><subfield code="a">2 VOLUME</subfield></datafield><datafield ind1=" " ind2=" " tag="500"><subfield code="a">Titlul Original In Limba Rusa: Iadernaia Fizika</subfield></datafield><datafield ind1="1" ind2=" " tag="700"><subfield code="a">Yudin, N.P</subfield></datafield><datafield ind1="1" ind2=" " tag="787"><subfield code="a">Volume 2</subfield><subfield code="h">302 P</subfield></datafield><datafield ind1=" " ind2=" " tag="852"><subfield code="a">70709</subfield><subfield code="c">539</subfield></datafield><datafield ind1=" " ind2=" " tag="CAT"><subfield code="a">Sys</subfield><subfield code="c">20111013</subfield><subfield code="h">102214</subfield></datafield></record></collection>